TXN_Date	Value	Date	Description	Withdraw	Deposit	Balance
2022-08-10	2022-08-10	ASBA_CHARGE_DLBSL	15.00	-	89,938.91
2022-07-16	2022-07-16	0507010003819:Int.Pd:14-04-2022_to_16-07-2022	-	1,378.99	89,953.91
2022-07-16	2022-07-16	0507010003819:WTax.Pd:14-04-2022to_16-07-2022	68.95	-	88,574.92
2022-07-15	2022-07-15	FEES_OF_INTERNET_BANKING	150.00	-	88,643.87
2022-06-06	2022-06-06	ASBA_CHARGE_BHDCL	15.00	-	88,793.87


2022-10-18	2022-10-17	00507010003819:Int.Pd:17-07-2022_to_17-10-2022	-	1,466.15	91,331.75
2022-10-18	2022-10-17	00507010003819:WTax.Pd:17-07-2022to_17-10-2022	73.31	-	89,865.60


2023-02-12	2023-02-12	RenewMBanking	350.00	-	31,221.49
2023-02-10	2023-02-10	SHARE_ALLOT:MAYA_KHOLA	1,000.00	-	31,571.49
2023-02-09	2023-02-09	CIPS/2023020914000000009/Nepal_Stock_House_Pvt./Transaction_Remark/PBL	10,008.00	-	32,571.49
2023-02-07	2023-02-07	ASBA_CHARGE_SUMHL	5.00	-	42,579.49
2023-01-29	2023-01-29	ASBA_CHARGE_MKHCL	5.00	-	42,584.49
2023-01-25	2023-01-25	ASBA_CHARGE_SMHL	5.00	-	42,589.49
2023-01-19	2023-01-19	ASBA_CHARGE_KDL	5.00	-	42,594.49
2023-01-15	2023-01-14	00507010003819:Int.Pd:18-10-2022_to_14-01-2023	-	1,334.46	42,599.49
2023-01-15	2023-01-14	00507010003819:WTax.Pd:18-10-2022to_14-01-2023	66.72	-	41,265.03
2023-01-14	2023-01-14	Ac_xfr_from_gl_0730_to_0700	-	41,331.75	41,331.75
2023-01-14	2023-01-14	Ac_xfr_from_gl_0730_to_0700	41,331.75	-	0.00
2022-12-20	2022-12-20	SELF/CHQ_Instr._No:11558082	50,000.00	-	41,331.75


4/30/2023	4/30/2023	CIPS/NYWP311200-02300389B/Global_IME_Capital_Ltd./Demat_AMC_-_1,_Meroshare_-_1/GLOBAL	152	-	31,571.39
4/27/2023	4/27/2023	MOS:Trf_to_ANKIT_from_BISHNU:worldlink	-	16,300.00	31,723.39
4/25/2023	4/25/2023	MOS:Load_Khalti:9863035671:worldlink	16,300.00	-	15,423.39
4/14/2023	4/13/2023	00507010003819:Int.Pd:15-01-2023_to_13-04-2023	-	528.32	31,723.39
4/14/2023	4/13/2023	00507010003819:WTax.Pd:15-01-2023to_13-04-2023	26.42	-	31,195.07
2/12/2023	2/12/2023	RenewMBanking	350	-	31,221.49




2023-08-11	2023-08-11	ASBA_CHARGE_RNEPAL	5.00	-	199,924.75
2023-08-04	2023-08-04	MOS:Khalti:9863035671:zonal_cots	50.00	-	199,929.75
2023-07-25	2023-07-25	CIPS/C1T4PGD1PH4/MANAHARI_BISTA/C1T4PGD1PH4-1/MPBL	402.00	-	199,979.75
2023-07-25	2023-07-25	7WODCYY0APB,SMART_ZONE_MOBILE_AND_ACCESSORIES	300.00	-	200,381.75
2023-07-25	2023-07-25	CIPS/ACCOUNTFT:Ankit_Khanal/MYSTIC_MAGIC_TRADING/lenovo_laptop_abhinav/NSBI	109,008.00	-	200,681.75
2023-07-24	2023-07-24	ANJAN_KUMAR_PAUDEL	-	115,000.00	309,689.75
2023-07-23	2023-07-23	MOS:Trf_to_ANKIT_from_BISHNU:sanchaya_kosh	-	25,000.00	194,689.75
2023-07-23	2023-07-23	CIPS/207604271525824/Karmachari_Sanchaya_Kosh_CIP/0081131804-0701-78/HBL	25,000.00	-	169,689.75
2023-07-17	2023-07-16	00507010003819:Int.Pd:14-04-2023_to_16-07-2023	-	1,345.64	194,689.75
2023-07-17	2023-07-16	00507010003819:WTax.Pd:14-04-2023to_16-07-2023	67.28	-	193,344.11
2023-07-08	2023-07-08	IPS/358003501/Salary-3/BUDGET_ACCOUNT/null	-	27,335.00	193,411.39
2023-06-20	2023-06-20	IPS/358003501/Salary-2/BUDGET_ACCOUNT/null	-	27,335.00	166,076.39
2023-06-06	2023-06-06	IBS::Renew_Charge:2022:07:16	350.00	-	138,741.39
2023-05-30	2023-05-30	IPS/358003501/Salary-1/BUDGET_ACCOUNT/null	-	107,520.00	139,091.39



2023-11-10	2023-11-10	IPS/358003501/18108100050135/BINYOJAN_KHATA/null	-	27,335.00	92,672.10
2023-11-09	2023-11-09	ASBA_CHARGE_USLBF	5.00	-	65,337.10
2023-11-07	2023-11-07	MOS:eSewa:9840033985:returned_what_was_taken_in_c	2,500.00	-	65,342.10
2023-11-05	2023-11-05	MOS:eSewa:9823540463:hot_chocolate	200.00	-	67,842.10
2023-11-02	2023-11-02	ASBA_CHARGE_VLUCL	5.00	-	68,042.10
2023-10-22	2023-10-22	MOS:eSewa:9840033985:k_self_time	3,000.00	-	68,047.10


11/10/2023	11/10/2023	IPS/358003501/18108100050135/BINYOJAN_KHATA/null	-	27,335.00	92,672.10
11/9/2023	11/9/2023	ASBA_CHARGE_USLBF	5	-	65,337.10
11/7/2023	11/7/2023	MOS:eSewa:9840033985:returned_what_was_taken_in_c	2,500.00	-	65,342.10
11/5/2023	11/5/2023	MOS:eSewa:9823540463:hot_chocolate	200	-	67,842.10
11/2/2023	11/2/2023	ASBA_CHARGE_VLUCL	5	-	68,042.10
10/22/2023	10/22/2023	MOS:eSewa:9840033985:k_self_time	3,000.00	-	68,047.10
10/20/2023	10/20/2023	CIPS/32VJN7HLQQ7/ROTARACT_CLUB_OF_RUDRAMATI_BABA/32VJN7HLQQ7-1/SANIMA	1,153.00	-	71,047.10
10/19/2023	10/19/2023	CIPS/V8KFSASSBO7/REKHA_SHARMA/V8KFSASSBO7-1/RBB	100,008.00	-	72,200.10
10/19/2023	10/19/2023	IPS/MBL-EXP-169160/MAVORION_SYSTEMS_PVT._LTD./nu	-	12,863.25	172,208.10
10/18/2023	10/17/2023	00507010003819:Int.Pd:17-07-2023_to_17-10-2023	-	2,237.87	159,344.85
10/18/2023	10/17/2023	00507010003819:WTax.Pd:17-07-2023to_17-10-2023	134.27	-	157,106.98
10/17/2023	10/17/2023	NESDO15%-DIV7879-1301120002300	-	142.5	157,241.25
10/13/2023	10/13/2023	ASBA_CHARGE_MMFDBFPO	5	-	157,098.75
10/13/2023	10/13/2023	IPS/358003501/18108100034336/BINYOJAN_KHATA/null	-	27,335.00	157,103.75
10/11/2023	10/11/2023	ASBA_CHARGE_CHHPL	5	-	129,768.75
9/18/2023	9/18/2023	IPS/-2080-2283944/18108100017624/BINYOJAN_KHATA/	-	27,335.00	129,773.75
9/2/2023	9/2/2023	CIPS/0AR3RZVXYJC/KALIKA_GHIMIRE/0AR3RZVXYJC-1/PBL	5,298.00	-	102,438.75
9/1/2023	9/1/2023	ASBA_CHARGE_MANDU	5	-	107,736.75
8/30/2023	8/30/2023	CIPS/ACCOUNTFT:Ankit_Khanal/ISLINGTON_COLLEGE_PV/Ankit_Khanal-22015650/NICA	119,508.00	-	107,741.75
8/23/2023	8/23/2023	IPS/-2080-1478890/18108100005614/BINYOJAN_KHATA/	-	27,335.00	227,249.75
8/23/2023	8/23/2023	ASBA_CHARGE_BHWATI	5	-	199,914.75
8/16/2023	8/16/2023	ASBA_CHARGE_MEHL	5	-	199,919.75
8/11/2023	8/11/2023	ASBA_CHARGE_RNEPAL	5	-	199,924.75





2024-05-05	2024-05-05	CIPS/Bill_payment/NEPAL_PAY_QR_SETTLEMENT/SUPA_DEURALI_SHRINGAR/ADBL	4,985.00	-	235,458.93
2024-04-27	2024-04-28	MOS:Trf_to_BISHNU_from_ANKIT:Others_temp	20,000.00	-	240,443.93
2024-04-26	2024-04-26	MOS:eSewa:9863035671:test	10.00	-	260,443.93
2024-04-18	2024-04-18	IPS/MoCIT_358003501/18108100119310/BINYOJAN_KHAT	-	27,335.00	260,453.93
2024-04-13	2024-04-12	00507010003819:Int.Pd:15-01-2024_to_12-04-2024	-	1,621.90	233,118.93
2024-04-13	2024-04-12	00507010003819:WTax.Pd:15-01-2024to_12-04-2024	97.31	-	231,497.03
2024-04-04	2024-04-04	2601240404GZT00C	-	50,866.22	231,594.34
2024-03-15	2024-03-15	IPS/358003501/18108100103251/BINYOJAN_KHATA/null	-	27,335.00	180,728.12
2024-03-10	2024-03-10	SHARE_ALLOT:SARBOTTAM_CEMENT_L	18,045.00	-	153,393.12
2024-02-28	2024-02-28	ASBA_CHARGE_SCL	5.00	-	171,438.12
2024-02-16	2024-02-16	MOS:Trf_to_ANKIT_from_BISHNU:Others_bike_chain_sp	-	5,500.00	171,443.12
2024-02-13	2024-02-13	CIPS/C6APWPA189L/SARASWATI_SHRESTHA/C6APWPA189L-1/PBL	5,498.00	-	165,943.12
2024-02-11	2024-02-11	CIPS/NBLXP-59257/BISHNU_PRASAD_KHANAL/NBL-OMNI-59257/NBL	-	4,600.00	171,441.12





2024-08-01	2024-08-01	IPS/EOD_PAYOUT/NEPAL_STOCK_HOUSE_(PVT)_LTD./null	5.65	-	324,268.50
2024-08-01	2024-08-01	IPS/EOD_PAYOUT/NEPAL_STOCK_HOUSE_(PVT)_LTD./null	-	8,582.38	324,274.15
2024-07-23	2024-07-23	ASBA_CHARGE_SWMF	5.00	-	315,691.77
2024-07-16	2024-07-15	00507010003819:Int.Pd:13-04-2024_to_15-07-2024	-	2,333.17	315,696.77
2024-07-16	2024-07-15	00507010003819:WTax.Pd:13-04-2024to_15-07-2024	139.99	-	313,363.60
2024-07-06	2024-07-06	Payment_for_NPAY_SMART_QR:620.0999755859375	620.10	-	313,503.59
2024-06-27	2024-06-27	IPS/MoCIT_358003501/18108100157001/BINYOJAN_KHAT	-	27,335.00	314,123.69
2024-06-09	2024-06-09	IPS/MoCIT_358003501/18108100143366/BINYOJAN_KHAT	-	27,335.00	286,788.69
2024-06-06	2024-06-06	IBS::Renew_Charge:2024:06:06	350.00	-	259,453.69
2024-06-04	2024-06-04	7R9H611TO0Z,Nepal_Stock_House_Pvt._Ltd.	2,990.24	-	259,803.69
2024-05-13	2024-05-13	IPS/MoCIT_358003501/18108100133275/BINYOJAN_KHAT	-	27,335.00	262,793.93






